<?xml version="1.0" encoding="UTF-8"?><collection xmlns="http://www.loc.gov/MARC21/slim"><record><leader>00456nam--2200169-i-4500</leader><controlfield tag="001">000017962</controlfield><controlfield tag="002">20161230</controlfield><controlfield tag="005">20161230201032</controlfield><controlfield tag="008">060222s1000------------r-----000-0-eng-d</controlfield><datafield ind1=" " ind2=" " tag="040"><subfield code="a">IFIN-HH</subfield></datafield><datafield ind1=" " ind2=" " tag="080"><subfield code="a">534.86</subfield></datafield><datafield ind1="1" ind2=" " tag="100"><subfield code="a">Fischer, F.A</subfield></datafield><datafield ind1="1" ind2="0" tag="245"><subfield code="a">Fundamentals of electroacustics</subfield><subfield code="c">F.a. fischer</subfield></datafield><datafield ind1=" " ind2=" " tag="260"><subfield code="a">New York, Interscience Publishers, Inc., 1955</subfield></datafield><datafield ind1=" " ind2=" " tag="300"><subfield code="a">XII + 186 P. WITH FIGURES</subfield></datafield><datafield ind1=" " ind2=" " tag="852"><subfield code="a">12174</subfield><subfield code="c">534</subfield></datafield><datafield ind1=" " ind2=" " tag="CAT"><subfield code="a">Sys</subfield><subfield code="c">20101006</subfield><subfield code="h">143325</subfield></datafield></record></collection>